<?xml version="1.0" encoding="UTF-8"?><collection xmlns="http://www.loc.gov/MARC21/slim"><record><leader>00499nam--2200169-i-4500</leader><controlfield tag="001">000042414</controlfield><controlfield tag="002">20161230</controlfield><controlfield tag="005">20161230201043</controlfield><controlfield tag="008">060222s1000------------r-----000-0-eng-d</controlfield><datafield ind1=" " ind2=" " tag="040"><subfield code="a">IFIN-HH</subfield></datafield><datafield ind1=" " ind2=" " tag="080"><subfield code="a">517.982.22:517.958</subfield></datafield><datafield ind1="1" ind2=" " tag="100"><subfield code="a">Sparenberg,Johan Adolf</subfield></datafield><datafield ind1="1" ind2="0" tag="245"><subfield code="a">Applications of the hilbert problem to problems of mathematical physics</subfield><subfield code="b">Dissertation</subfield><subfield code="c">J.a. sparenberg</subfield></datafield><datafield ind1=" " ind2=" " tag="260"><subfield code="a">Delft</subfield><subfield code="b">Techn.Hogeschool</subfield><subfield code="c">1958</subfield></datafield><datafield ind1=" " ind2=" " tag="300"><subfield code="a">73P</subfield></datafield><datafield ind1=" " ind2=" " tag="852"><subfield code="a">76133</subfield><subfield code="c">53.02</subfield></datafield><datafield ind1=" " ind2=" " tag="CAT"><subfield code="a">Sys</subfield><subfield code="c">20151023</subfield><subfield code="h">093235</subfield></datafield></record></collection>